@book{Kepner,
  title={Graph Theory in the Language of Linear Algebra},
  author={Jeremy Kepner and John Gilbert},
  isbn={978-0-89871-990-1},
  url={https://www.google.com/books/edition/Graph_Algorithms_in_the_Language_of_Line/BnezR_6PnxMC},
  year={2011},
  publisher={Society for Industrial and Applied Mathematics}
}

@online{Gilbert,
    author    = "John Gilbert",
    title     = "GraphBLAS: Graph Algorithms in the Language of Linear Algebra",
    url       = "https://sites.cs.ucsb.edu/~gilbert/talks/Gilbert-27Jun2019.pdf",
}

@article{graphBLAS,
  author =       "AydÄ±n Bulu\c{c}, Tim Mattson, Scott McMillan, Jos\grave{e} Moreira, Carl Yang",
    title =        "Design of the GraphBLAS API for C",
  journal = "IEEE International Parallel and Distributed Processing Symposium Workshops",
  publisher  = "IEEE",
  DOI = "10.1109/IPDPSW.2017.117",
}
